@article{nakamoto2008bpp,
  title={{Bitcoin: A peer-to-peer electronic cash system}},
  author={Nakamoto, Satosho},
  year={2008}
}


